@misc{quizlet_about,
  author = {Quizlet Inc.},
  title = {About Quizlet},
  year = {2025},
  howpublished = {\url{https://quizlet.com/mission}}
}

@misc{quizlet_appstore,
    author = {Quizlet Inc},
    title = {Quizlet: Study with {Flashcards} on the {App Store}},
    year = {2025},
    howpublished = {\url{https://apps.apple.com/pl/app/flashcards-study-flash-cards/id1462174312}}
}
@misc{anki_appstore,
    author = {Ankitects Pty Ltd},
    title = {{AnkiMobile Flashcards} on the {App Store}},
    year = {2025},
    howpublished = {\url{https://apps.apple.com/us/app/ankimobile-flashcards/id373493387}},
    urldate = {2025-05-13}
}

@misc{anki_algo,
    author = {Damien Elmes (\url{https://github.com/dae}), Expertium (\url{https://github.com/Expertium}), cqg2 (\url{https://github.com/cqg2})},
    title = {What spaced repetition algorithm does {Anki} use?},
    year = {2024},
    howpublished = {\url{https://faqs.ankiweb.net/what-spaced-repetition-algorithm.html}}
}



@misc{flashcards_appstore,
    author = {Toshiki Motomura},
    title = {FlashCards - study flash cards on the {App Store}},
    year = {2025},
    howpublished = {\url{https://apps.apple.com/pl/app/flashcards-study-flash-cards/id1462174312}}
}

@misc{flashcards_maker_appstore,
    author = {Yoshinobu Ikeda},
    title = {FlashCards - study flash cards on the {App Store}},
    year = {2025},
    howpublished = {\url{"https://apps.apple.com/pl/app/flashcards-study-flash-cards/id1462174312"}}
}




@misc{apple_xcode,
    author = {Apple Inc.},
    title = {Xcode - Apple Developer},
    year = {2025},
    howpublished = {\url{https://developer.apple.com/xcode/}}
}
@misc{git_book,
    author = {Scott Chacon and Ben Straub},
    title = {Git Book},
    year = {2025},
    howpublished = {\url{https://git-scm.com/book/en/v2}}
}


@misc{swift_apple_developer,
    author = {Apple Inc.},
    title = {{Swift - Apple Developer}},
    year = {2025},
    howpublished = {\url{https://developer.apple.com/swift/}}
}


@misc{swiftui_xcode,
    author = {Apple Inc.},
    title = {{Swift - Apple Developer}},
    year = {2025},
    howpublished = {\url{https://developer.apple.com/xcode/swiftui/}}
}

@misc{apple_swiftui,
    author = {Apple Inc.},
    title = {{Swift - Apple Developer}},
    year = {2025},
    howpublished = {\url{https://developer.apple.com/documentation/SwiftUI}}
}










@misc{card_flip,
    author = {Jonathan Rasmusson (https://github.com/jrasmusson)},
    title = {{Flipping a Card -- GitHub}},
    year = {2025},
    howpublished = {\url{https://github.com/jrasmusson/swiftui/tree/main/Animations/CardFlip}}
}
    





@misc{drag_reordering,
    author = {Daniel Saidi},
    title = {{Enabling drag reordering in lazy SwiftUI grids and stacks}},
    year = {2025},
    howpublished = {\url{https://danielsaidi.com/blog/2023/08/30/enabling-drag-reordering-in-swiftui-lazy-grids-and-stacks}}
}
@misc{so_texteditor,
    author = {jnpdx},
    title = {{swift - Controlling size of TextEditor in SwiftUI - Stack Overflow}},
    year = {2025},
    howpublished = {\url{https://stackoverflow.com/a/69002976}}
}



